@misc{,
	author   = {},
	year     = {},
	title    = {},
	note     = {},
	keywords = {},
}
