@article{,
	author       = {},
	date         = {},
	title        = {},
	journaltitle = {},
	volume       = {},
	number       = {},
	pages        = {},
	url          = {},
	doi          = {},
	keywords     = {},
}
