@book{$0,
	author    = {},
	year      = {},
	title     = {},
	location  = {},
	publisher = {},
	isbn      = {},
	keywords  = {},
}
