@inbook{$0,
	author    = {},
	year      = {},
	title     = {},
	editor    = {},
	booktitle = {},
	location  = {},
	publisher = {},
	pages     = {},
	isbn      = {},
	keywords  = {},
}
