@online{,
	author    = {},
	date      = {},
	title     = {},
	publisher = {},
	url       = {},
	urldate   = {},
	keywords  = {},
}
